@ARTICLE{4276082, 
author={Y. Wu and H. Qu}, 
journal={IEEE Transactions on Visualization and Computer Graphics}, 
title={Interactive Transfer Function Design Based on Editing Direct Volume Rendered Images}, 
year={2007}, 
volume={13}, 
number={5}, 
pages={1027-1040}, 
keywords={data visualisation;transfer functions;animations;context visualization;direct volume rendered images;image editing;interactive transfer function;visualization techniques;Animation;Biomedical imaging;Computational fluid dynamics;Data visualization;Focusing;Fuses;Graphics;Rendering (computer graphics);Transfer functions;User interfaces;Direct volume rendering;animation;focus + context;image editing;intuitive user interface;morphing;transfer function design;Algorithms;Computer Graphics;Image Enhancement;Image Interpretation, Computer-Assisted;Imaging, Three-Dimensional;Information Storage and Retrieval;Numerical Analysis, Computer-Assisted;Signal Processing, Computer-Assisted;User-Computer Interface;Word Processing}, 
doi={10.1109/TVCG.2007.1051}, 
ISSN={1077-2626}, 
}

@book{merzkirch2012flow,
  title={Flow visualization},
  author={Merzkirch, Wolgang},
  year={2012},
  publisher={Elsevier}
}

@Article{assaf08,
author="Assaf, Yaniv
and Pasternak, Ofer",
title="Diffusion Tensor Imaging ({DTI})-based White Matter Mapping in Brain Research: A Review",
journal="Journal of Molecular Neuroscience",
year="2008",
volume="34",
number="1",
pages="51--61",
}

@article {CGF:CGF12927,
author = {Preim, Bernhard and Baer, Alexandra and Cunningham, Douglas and Isenberg, Tobias and Ropinski, Timo},
title = {A Survey of Perceptually Motivated 3D Visualization of Medical Image Data},
journal = {Computer Graphics Forum},
volume = {35},
number = {3},
issn = {1467-8659},
url = {http://dx.doi.org/10.1111/cgf.12927},
doi = {10.1111/cgf.12927},
pages = {501--525},
keywords = {Categories and Subject Descriptors (according to ACM CCS), I.3.3 [Computer Graphics]: Picture/Image Generationâ€”Line and curve generation},
year = {2016},
}

@article{wu16,
title = {Multiperspective Focus+Context Visualization},
author = {M. L. Wu and V. Popescu},
journal = {IEEE TVCG},
year = 2016,
volume = 22,
number = 5,
pages = {1555-1567}
}

@article{cui10,
author = {J. Cui and P. Rosen and V. Popescu and C. Hoffmann},
title = {A curved ray camera for handling occlusions through continuous multiperspective visualization},
journal = {IEEE TVCG},
volume = 16,
number = 6,
pages = {1235-1242},
year = 2010
}

@ARTICLE{6327262, 
author={C. Tominski and H. Schumann and G. Andrienko and N. Andrienko}, 
journal={IEEE Transactions on Visualization and Computer Graphics}, 
title={Stacking-Based Visualization of Trajectory Attribute Data}, 
year={2012}, 
volume={18}, 
number={12}, 
pages={2565-2574}, 
keywords={cartography;data visualisation;geographic information systems;solid modelling;2D map;2D time graph;2D-3D display;3D navigation;color mapping;dynamic query mechanism;maritime navigation;radiation surveillance;spatial context;spatio-temporal context;stacked 3D trajectory band;stacking-based visualization;traffic analysis;trajectory attribute data;trajectory visualization;Data visualization;Image color analysis;Navigation;Trajectory;Visualization;exploratory analysis;interaction;spatio-temporal data;trajectory attribute data}, 
doi={10.1109/Transactions on Visualization and Computer Graphics.2012.265}, 
ISSN={1077-2626}, 
}

@misc{Grinstein:2002:IVV,
  author = {Georges Grinstein and Daniel Keim and Matthew Ward},
  title = {Information Visualization, Visual Data Mining, and Its Application to Drug Design},
  howpublished = {IEEE Visualization Course \#1 Notes},
  month = {October},
  year = {2002},
	url = {http://vis.computer.org/vis2002/program/tutorials/tutorial_01_abstract.html}
}

@misc{cudasdk,
author = {{NVIDIA, Inc.}},
title = {{CUDA SDK} Code Samples},
note = {\url{http://www.nvidia.com/object/cuda_get_samples_3.html}},
year = 2018
}

@inproceedings{zwan12,
title = {Continuous Navigation of Nested Abstraction Levels},
author = {M. van der Zwan and A. Telea and T. Isenberg}, 
booktitle = {Proc. EuroVis (short papers)}, 
year = {2012}
}

@article{cubu,
author = {M. van der Zwan and V. Codreanu and A. Telea},
title = {{CUBu}: Universal Real-Time Bundling for Large Graphs},
journal = {IEEE Transactions on Visualization and Computer Graphics},
volume = 22,
number = 12,
pages = {2550-2563},
year = 2016
}

@Article{Isenberg:2017:VMC,
  author = {Petra Isenberg and Florian Heimerl and Steffen Koch and Tobias Isenberg and Panpan Xu and Chad Stolper and Michael Sedlmair and Jian Chen and Torsten M{\"o}ller and John Stasko},
	title = {{vispubdata.org: A Metadata Collection about {IEEE} Visualization ({VIS}) Publications}},
	journal = {IEEE Transactions on Visualization and Computer Graphics},
	year = {2017},
	volume = {23},
	OPTnumber = {},
	OPTmonth = {},
	OPTpages = {},
	doi = {http://dx.doi.org/10.1109/Transactions on Visualization and Computer Graphics.2016.2615308},
  OPTgooglescholarid = {},
	note = {To appear},
}

@article{slicer,
author = {R. Kikinis R and S. D. Pieper and K. Vosburgh},
title = {{3D Slicer}: A platform for subject-specific image analysis, visualization, and clinical support},
year = 2014,
journal = {Intraoperative Imaging Image-Guided Therapy},
volume = 3,
number = 19,
pages = {277-289}
}

@mastersthesis{Kindlmann:1999:SAG,
  author = {Gordon Kindlmann},
  title = {Semi-Automatic Generation of Transfer Functions for Direct Volume Rendering},
  school = {Cornell University},
	address = {USA},
	url = {http://www.graphics.cornell.edu/pubs/1999/Kin99.html},
  year = 1999,
}

@manual{Kitware:2003,
  title = {The Visualization Toolkit User's Guide},
  organization = {Kitware, Inc.},
  year = {2003},
  month = {January},
	url = {http://www.kitware.com/publications/item/view/1269}
}

@phdthesis{Levoy:1989:DSV,
  author = {Marc Levoy},
  title = {Display of Surfaces from Volume Data},
  school = {University of North Carolina at Chapel Hill},
	address = {USA},
	url = {http://www.cs.unc.edu/techreports/89-022.pdf},
  year = {1989},
}
@ARTICLE{4015467, 
author={S. Bruckner and M. E. Gr{\"o}ller}, 
journal={IEEE Transactions on Visualization and Computer Graphics}, 
title={Exploded Views for Volume Data}, 
year={2006}, 
volume={12}, 
number={5}, 
pages={1077-1084}, 
keywords={data visualisation;hidden feature removal;rendering (computer graphics);GPU-based volume ray casting algorithm;context information;exploded views;force-based model;occlusion;view-dependent explosion;volume data;Casting;Computer graphics;Data visualization;Explosions;Force control;Geometry;Rendering (computer graphics);Tomography;exploded views;illustrative visualization;volume rendering;Algorithms;Anatomy, Cross-Sectional;Computer Graphics;Computer Simulation;Computer-Assisted Instruction;Humans;Image Enhancement;Image Interpretation, Computer-Assisted;Imaging, Three-Dimensional;Information Storage and Retrieval;Models, Anatomic;User-Computer Interface}, 
doi={10.1109/Transactions on Visualization and Computer Graphics.2006.140}, 
ISSN={1077-2626}, 
month={Sept},}

@article{Correa:2007:IDD:1313046.1313163,
 author = {Correa, Carlos and Silver, Debora and Chen, Mi},
 title = {Illustrative Deformation for Data Exploration},
 journal = {IEEE Transactions on Visualization and Computer Graphics},
 issue_date = {November 2007},
 volume = {13},
 number = {6},
 month = nov,
 year = {2007},
 issn = {1077-2626},
 pages = {1320--1327},
 numpages = {8},
 url = {http://dx.doi.org/10.1109/Transactions on Visualization and Computer Graphics.2007.70565},
 doi = {10.1109/Transactions on Visualization and Computer Graphics.2007.70565},
 acmid = {1313163},
 publisher = {IEEE Educational Activities Department},
 address = {Piscataway, NJ, USA},
 keywords = {Volume deformation, Volume deformation, focus+context visualization, interaction techniques, focus+context visualization, interaction techniques},
} 

@inproceedings{McGuffin:2003:UDB:1081432.1081497,
 author = {McGuffin, Michael J. and Tancau, Liviu and Balakrishnan, Ravin},
 title = {Using Deformations for Browsing Volumetric Data},
 booktitle = {Proceedings of the 14th IEEE Visualization 2003 (VIS'03)},
 series = {VIS '03},
 year = {2003},
 isbn = {0-7695-2030-8},
 pages = {53--},
 url = {http://dx.doi.org/10.1109/VISUAL.2003.1250400},
 doi = {10.1109/VISUAL.2003.1250400},
 acmid = {1081497},
 publisher = {IEEE Computer Society},
 address = {Washington, DC, USA},
 keywords = {volumetric data, volume data, deformations, browsing, layers, interaction techniques, 3D widgets},
} 


@article{Hsu:2011:RFM:2070781.2024165,
 author = {Hsu, Wei-Hsien and Ma, Kwan-Liu and Correa, Carlos},
 title = {A Rendering Framework for Multiscale Views of {3D} Models},
 journal = {ACM Trans. Graph.},
 issue_date = {December 2011},
 volume = {30},
 number = {6},
 month = dec,
 year = {2011},
 issn = {0730-0301},
 pages = {131:1--131:10},
 articleno = {131},
 numpages = {10},
 url = {http://doi.acm.org/10.1145/2070781.2024165},
 doi = {10.1145/2070781.2024165},
 acmid = {2024165},
 publisher = {ACM},
 address = {New York, NY, USA},
 keywords = {camera model, levels of detail, multiscale views, visualization},
} 


@article{Lorensen:1987:MCA,
 author = {Lorensen, William E. and Cline, Harvey E.},
 title = {Marching Cubes: A High Resolution {3D} Surface Construction Algorithm},
 journal = {SIGGRAPH Computer Graphics},
 volume = {21},
 number = {4},
 month = aug,
 year = {1987},
 pages = {163--169},
 doi = {10.1145/37402.37422},
}

@article{Max:1995:OMF,
 author = {Max, Nelson},
 title = {Optical Models for Direct Volume Rendering},
 journal = {IEEE Transactions on Visualization and Computer Graphics},
 volume = {1},
 number = {2},
 month = jun,
 year = {1995},
 pages = {99--108},
 doi = {10.1109/2945.468400},
} 

@inproceedings{Nielson:1991:TAD,
  author = {Gregory M. Nielson and Bernd Hamann},
  title = {The Asymptotic Decider: Removing the Ambiguity in Marching Cubes},
  year = {1991},
  booktitle = {Proc.\ Visualization},
  pages = {83--91},
  doi={10.1109/VISUAL.1991.175782},
	publisher = {IEEE Computer Society},
	address = {Los Alamitos},
}

@book{Ware:2004:IVP,
  author = {Colin Ware},
  title = {Information Visualization: Perception for Design},
  edition = {2\textsuperscript{nd}},
  year = 2004,
  publisher = {Morgan Kaufmann Publishers Inc.},
  address = {San Francisco},
	doi = {https://dx.doi.org/10.1016/B978-155860819-1/50001-7}
}

@ARTICLE{Wyvill:1986:DSS,
  author = {Wyvill, Geoff and McPheeters, Craig and Wyvill, Brian},
  title = {Data Structure for \emph{soft} Objects},
  journal = {The Visual Computer},
  year = {1986},
  volume = {2},
  pages = {227--234},
  number = {4},
  month = aug,
  doi = {http://dx.doi.org/10.1007/BF01900346}
}

@article{hurter2009fromdady,
  title={{FromDaDy}: Spreading data across views to support iterative exploration of aircraft trajectories},
  author={Hurter, C and Tissoires, B and Conversy, S},
  journal={IEEE Transactions on Visualization and Computer Graphics},
  volume={15},
  number={6},
  pages={1017--1024},
  year={2009}
}

@inproceedings{brambilla2012illustrative,
  title={Illustrative flow visualization: State of the art, trends and challenges},
  author={Brambilla, Andrea and Carnecky, Robert and Peikert, Robert and Viola, Ivan and Hauser, Helwig},
  booktitle={Proc. EuroVis -- State of the Art Reports},
  year={2012},
  doi = {10.2312/conf/EG2012/stars/075-094},
  publisher={Eurographics}
}

@article{hurter2014interactive,
  title={Interactive image-based information visualization for aircraft trajectory analysis},
  author={Hurter, Christophe and Conversy, St{\'e}phane and Gianazza, David and Telea, AC},
  journal={Transportation Research Part C: Emerging Technologies},
  volume={47},
  pages={207--227},
  year={2014},
  publisher={Pergamon}
}


@misc{silverman1986density,
  title={Density estimation for statistics and data analysis},
  author={Silverman, Bernard W},
  year={1986},
  publisher={CRC press}
}


@article{moleview,
title = {{M}ole{V}iew: An attribute and structure-based semantic lens for large element-based plots},
author = {C. Hurter and A. Telea and O. Ersoy},
journal = {IEEE Transactions on Visualization and Computer Graphics},
volume = 17,
number = 12,
pages = {2600-2609},
year = 2011
}

@article{hurter2012graph,
  title={Graph bundling by kernel density estimation},
  author={Hurter, Christophe and Ersoy, Ozan and Telea, Alexandru},
  journal={Computer Graphics Forum},
  volume={31},
  number={3pt1},
  pages={865--874},
  year={2012},
}


@article{hurter2015image,
  title={Image-Based Visualization: Interactive Multidimensional Data Exploration},
  author={Hurter, Christophe},
  journal={Synthesis Lectures on Visualization},
  volume={3},
  number={2},
  pages={1--127},
  year={2015},
  publisher={Morgan \& Claypool Publishers}
}


@inproceedings{lhuillier2017ffteb,
title={{FFTEB}: Edge Bundling of Huge Graphs by the {F}ast {F}ourier {T}ransform},
  author={Lhuillier, Antoine and Hurter, Christophe and Telea, Alexandru},
  booktitle={Proc. IEEE PacificVis},
  year={2017},
}





@article {CGF:CGF12605,
author = {Beyer, Johanna and Hadwiger, Markus and Pfister, Hanspeter},
title = {State-of-the-Art in GPU-Based Large-Scale Volume Visualization},
journal = {Computer Graphics Forum},
volume = {34},
number = {8},
issn = {1467-8659},
url = {http://dx.doi.org/10.1111/cgf.12605},
doi = {10.1111/cgf.12605},
pages = {13--37},
keywords = {STAR, volume rendering, ray-guided, large data, GPU, I.3.6 [Computer Graphics]: Methodology and Techniquesâ€”I.3.3 [Computer Graphics]: Picture/Image Generationâ€”Display algorithms},
year = {2015},
}

@inproceedings{Roettger:2003:SHV:769922.769948,
 author = {Roettger, Stefan and Guthe, Stefan and Weiskopf, Daniel and Ertl, Thomas and Strasser, Wolfgang},
 title = {Smart Hardware-accelerated Volume Rendering},
 booktitle = {Proceedings of the Symposium on Data Visualisation 2003},
 series = {VISSYM '03},
 year = {2003},
 isbn = {1-58113-698-6},
 location = {Grenoble, France},
 pages = {231--238},
 numpages = {8},
 url = {http://dl.acm.org/citation.cfm?id=769922.769948},
 acmid = {769948},
 publisher = {Eurographics Association},
 address = {Aire-la-Ville, Switzerland, Switzerland},
} 
@inproceedings{Kruger:2003:ATG:1081432.1081482,
 author = {Kruger, J. and Westermann, R.},
 title = {Acceleration Techniques for GPU-based Volume Rendering},
 booktitle = {Proceedings of the 14th IEEE Visualization 2003 (VIS'03)},
 series = {VIS '03},
 year = {2003},
 isbn = {0-7695-2030-8},
 pages = {38--},
 url = {http://dx.doi.org/10.1109/VIS.2003.10001},
 doi = {10.1109/VIS.2003.10001},
 acmid = {1081482},
 publisher = {IEEE Computer Society},
 address = {Washington, DC, USA},
 keywords = {Volume Rendering, Programmable Graphics Hardware, Ray-Casting},
} 

@article {CGF:CGF855,
author = {Hadwiger, Markus and Sigg, Christian and Scharsach, Henning and BÃ¼hler, Khatja and Gross, Markus},
title = {Real-Time Ray-Casting and Advanced Shading of Discrete Isosurfaces},
journal = {Computer Graphics Forum},
volume = {24},
number = {3},
publisher = {Blackwell Publishing, Inc},
issn = {1467-8659},
url = {http://dx.doi.org/10.1111/j.1467-8659.2005.00855.x},
doi = {10.1111/j.1467-8659.2005.00855.x},
pages = {303--312},
year = {2005},
}

@inproceedings{telea_vis_99,
author = {A. Telea and J. J. van Wijk},
title = {Simplified representation of vector fields},
booktitle = {Proc. IEEE Visualization},
year = 1999,
pages = {263-270}
}

@inproceedings{Stegmaier:2005:SFV:2386472.2386498,
 author = {Stegmaier, Simon and Strengert, Magnus and Klein, Thomas and Ertl, Thomas},
 title = {A Simple and Flexible Volume Rendering Framework for Graphics-hardware-based Raycasting},
 booktitle = {Proceedings of the Fourth Eurographics / IEEE VGTC Conference on Volume Graphics},
 series = {VG'05},
 year = {2005},
 isbn = {3-905673-26-6},
 location = {New York},
 pages = {187--195},
 numpages = {9},
 url = {http://dx.doi.org/10.2312/VG/VG05/187-195},
 doi = {10.2312/VG/VG05/187-195},
 acmid = {2386498},
 publisher = {Eurographics Association},
 address = {Aire-la-Ville, Switzerland, Switzerland},
} 

@inproceedings{Scharsach:2006:PID:2384796.2384845,
 author = {Scharsach, Henning and Hadwiger, Markus and Neubauer, Andr{\'e} and Wolfsberger, Stefan and B\"{u}hler, Katja},
 title = {Perspective Isosurface and Direct Volume Rendering for Virtual Endoscopy Applications},
 booktitle = {Proceedings of the Eighth Joint Eurographics / IEEE VGTC Conference on Visualization},
 series = {EUROVIS'06},
 year = {2006},
 isbn = {3-905673-31-2},
 location = {Lisbon, Portugal},
 pages = {315--322},
 numpages = {8},
 url = {http://dx.doi.org/10.2312/VisSym/EuroVis06/315-322},
 doi = {10.2312/VisSym/EuroVis06/315-322},
 acmid = {2384845},
 publisher = {Eurographics Association},
 address = {Aire-la-Ville, Switzerland, Switzerland},
} 

@inproceedings{Liu:2009:AVR:2421899.2421919,
 author = {Liu, B. and Clapworthy, G. J. and Dong, F.},
 title = {Accelerating Volume Raycasting Using Proxy Spheres},
 booktitle = {Proceedings of the 11th Eurographics / IEEE - VGTC Conference on Visualization},
 series = {EuroVis'09},
 year = {2009},
 location = {Berlin, Germany},
 pages = {839--846},
 numpages = {8},
 url = {http://dx.doi.org/10.1111/j.1467-8659.2009.01466.x},
 doi = {10.1111/j.1467-8659.2009.01466.x},
 acmid = {2421919},
 publisher = {The Eurographs Association \&\#38; John Wiley \&\#38; Sons, Ltd.},
 address = {Chichester, UK},
} 

@inproceedings{Mensmann:2008:AVR:2386410.2386435,
 author = {Mensmann, J\"{o}rg and Ropinski, Timo and Hinrichs, Klaus},
 title = {Accelerating Volume Raycasting Using Occlusion Frustums},
 booktitle = {Proceedings of the Fifth Eurographics / IEEE VGTC Conference on Point-Based Graphics},
 series = {SPBG'08},
 year = {2008},
 isbn = {978-3-905674-12-5},
 location = {Los Angeles, CA},
 pages = {147--154},
 numpages = {8},
 url = {http://dx.doi.org/10.2312/VG/VG-PBG08/147-154},
 doi = {10.2312/VG/VG-PBG08/147-154},
 acmid = {2386435},
 publisher = {Eurographics Association},
 address = {Aire-la-Ville, Switzerland, Switzerland},
} 

@INPROCEEDINGS{4634648, 
author={L. Marsalek and A. Hauber and P. Slusallek}, 
booktitle={2008 IEEE Symposium on Interactive Ray Tracing}, 
title={High-speed volume ray casting with CUDA}, 
year={2008}, 
pages={185-185}, 
keywords={C language;application program interfaces;computer graphic equipment;ray tracing;API;C-language;CUDA;graphics hardware;volume ray casting;Casting;Data visualization;Foot;Graphics;Hardware;Kernel;Registers}, 
doi={10.1109/RT.2008.4634648}, 
month={Aug},}

@inproceedings{Kainz:2009:RCM:1661412.1618498,
 author = {Kainz, Bernhard and Grabner, Markus and Bornik, Alexander and Hauswiesner, Stefan and Muehl, Judith and Schmalstieg, Dieter},
 title = {Ray Casting of Multiple Volumetric Datasets with Polyhedral Boundaries on Manycore GPUs},
 booktitle = {ACM SIGGRAPH Asia 2009 Papers},
 series = {SIGGRAPH Asia '09},
 year = {2009},
 isbn = {978-1-60558-858-2},
 location = {Yokohama, Japan},
 pages = {152:1--152:9},
 articleno = {152},
 numpages = {9},
 url = {http://doi.acm.org/10.1145/1661412.1618498},
 doi = {10.1145/1661412.1618498},
 acmid = {1618498},
 publisher = {ACM},
 address = {New York, NY, USA},
} 

@inproceedings{Mensmann623409,
   author = {Mensmann, J{\"o}rg and Ropinski,, Timo and Hinrichs, Klaus},
   booktitle = {Computer Graphics Theory and Applications, GRAPP 2010 : },
   institution = {University of MÃ¼nster, Germany},
   institution = {University of MÃ¼nster, Germany},
   institution = {University of MÃ¼nster, Germany},
   pages = {190--198},
   title = {An Advanced Volume Raycasting Technique using GPU Stream Processing},
   year = {2010}
}

@ARTICLE{4483791, 
author={N. Elmqvist and P. Tsigas}, 
journal={IEEE Transactions on Visualization and Computer Graphics}, 
title={A Taxonomy of {3D} Occlusion Management for Visualization}, 
year={2008}, 
volume={14}, 
number={5}, 
pages={1095-1109}, 
keywords={data visualisation;human computer interaction;human factors;interactive systems;3D occlusion management techniques;3D visualization;depth perception;human computer interaction;human perception;interactive techniques;Applications;Computer Graphics;Three-Dimensional Graphics and Realism;User Interfaces;Virtual reality;Visualization;Algorithms;Computer Graphics;Image Enhancement;Image Interpretation, Computer-Assisted;Imaging, Three-Dimensional;User-Computer Interface}, 
doi={10.1109/Transactions on Visualization and Computer Graphics.2008.59}, 
ISSN={1077-2626}, 
}

@inproceedings{WangBaldonado:2000:GUM:345513.345271,
 author = {Wang Baldonado, Michelle Q. and Woodruff, Allison and Kuchinsky, Allan},
 title = {Guidelines for Using Multiple Views in Information Visualization},
 booktitle = {Proc. Working Conf. on Advanced Visual Interfaces (AVI)},
 year = {2000},
 isbn = {1-58113-252-2},
 location = {Palermo, Italy},
 pages = {110--119},
 numpages = {10},
 doi = {10.1145/345513.345271},
 acmid = {345271},
 publisher = {ACM},
} 

@article{Burns:2008:ACC:1457515.1409107,
 author = {Burns, Michael and Finkelstein, Adam},
 title = {Adaptive Cutaways for Comprehensible Rendering of Polygonal Scenes},
 journal = {ACM Trans. Graph. (Proc. SIGGRAPH Asia)},
 year = {2008},
 pages = {154:1--154:7},
 articleno = {154},
 doi = {10.1145/1457515.1409107},
 volume = 27,
 number = 5
} 

@inproceedings{Li:2007:ICI:1275808.1276416,
 author = {Li, Wilmot and Ritter, Lincoln and Agrawala, Maneesh and Curless, Brian and Salesin, David},
 title = {Interactive Cutaway Illustrations of Complex 3D Models},
 booktitle = {ACM SIGGRAPH 2007 Papers},
 series = {SIGGRAPH '07},
 year = {2007},
 location = {San Diego, California},
 articleno = {31},
 url = {http://doi.acm.org/10.1145/1275808.1276416},
 doi = {10.1145/1275808.1276416},
 acmid = {1276416},
 publisher = {ACM},
 address = {New York, NY, USA},
 keywords = {cutaway illustration, interactive, visualization},
} 

@article {10.1111:1467-8659.t01-3-00700,
journal = {Computer Graphics Forum},
title = {{Interactive Cutaway Illustrations}},
author = {Diepstraten, J. and Weiskopf, D. and Ertl, T.},
year = {2003},
publisher = {Blackwell Publishers, Inc and the Eurographics Association},
ISSN = {1467-8659},
DOI = {10.1111/1467-8659.t01-3-00700}
}

@INPROCEEDINGS{1383060, 
author={R. Bane and T. Hollerer}, 
booktitle={Third IEEE and ACM International Symposium on Mixed and Augmented Reality}, 
title={Interactive tools for virtual x-ray vision in mobile augmented reality}, 
year={2004}, 
pages={231-239}, 
keywords={X-ray imaging;augmented reality;computer vision;interactive tools;mobile augmented reality;room in miniature tool;room selector tool;room slicer tool;tunnel tool;virtual x-ray vision;Augmented reality;Buildings;Data security;Data visualization;Floors;Layout;Prototypes;Solids;System testing;Wireless networks}, 
doi={10.1109/ISMAR.2004.36}, 
month={Nov},}

@inproceedings{Looser:2004:TLG:988834.988870,
 author = {Looser, Julian and Billinghurst, Mark and Cockburn, Andy},
 title = {Through the Looking Glass: The Use of Lenses As an Interface Tool for Augmented Reality Interfaces},
 booktitle = {Proceedings of the 2Nd International Conference on Computer Graphics and Interactive Techniques in Australasia and South East Asia},
 series = {GRAPHITE '04},
 year = {2004},
 isbn = {1-58113-883-0},
 location = {Singapore},
 pages = {204--211},
 numpages = {8},
 url = {http://doi.acm.org/10.1145/988834.988870},
 doi = {10.1145/988834.988870},
 acmid = {988870},
 publisher = {ACM},
 address = {New York, NY, USA},
 keywords = {Augmented Reality, MagicLenses, semantic zooming},
} 

@ARTICLE{5416704, 
author={C. D. Correa and K. L. Ma}, 
journal={IEEE Transactions on Visualization and Computer Graphics}, 
title={Visibility Histograms and Visibility-Driven Transfer Functions}, 
year={2011}, 
volume={17}, 
number={2}, 
pages={192-204}, 
keywords={rendering (computer graphics);complex data set visualisation;direct volume rendering;feedback mechanism;multidimensional graphical representations;visibility driven transfer functions;visibility histograms;volume rendered image;Attenuation;Data visualization;Feedback;Histograms;Image generation;Multidimensional systems;Process design;Quality management;Rendering (computer graphics);Transfer functions;Transfer functions;histograms.;view-point dependent rendering;visibility;volume rendering}, 
doi={10.1109/Transactions on Visualization and Computer Graphics.2010.35}, 
ISSN={1077-2626}, 
}

@article {CGF:CGF979,
author = {Rezk-Salama, Christof and Kolb, Andreas},
title = {Opacity Peeling for Direct Volume Rendering},
journal = {Computer Graphics Forum},
volume = {25},
number = {3},
publisher = {Blackwell Publishing, Inc},
issn = {1467-8659},
url = {http://dx.doi.org/10.1111/j.1467-8659.2006.00979.x},
doi = {10.1111/j.1467-8659.2006.00979.x},
pages = {597--606},
year = {2006},
}

@ARTICLE{7539643, 
author={X. Tong and C. Li and H. W. Shen}, 
journal={IEEE Transactions on Visualization and Computer Graphics}, 
title={GlyphLens: View-Dependent Occlusion Management in the Interactive Glyph Visualization}, 
year={2017}, 
volume={23}, 
number={1}, 
pages={891-900}, 
keywords={data visualisation;interactive systems;solid modelling;2D surface;3D spatial structure;3D volumetric dataset;GlyphLens;context information;display-interaction techniques;feature surface;interactive glyph visualization;lens shape models;multivariate visualization technique;slicing plane;space deformation models;spatial distributions;user-interested region;view-dependent interactive 3D lens;view-dependent occlusion management;visual channels;Context;Data visualization;Lenses;Probes;Shape;Three-dimensional displays;Visualization;View-dependent visualization;focus + context techniques;glyph-based techniques;human-computer interaction;manipulation and deformation}, 
doi={10.1109/Transactions on Visualization and Computer Graphics.2016.2599049}, 
ISSN={1077-2626}, 
}

@INPROCEEDINGS{6787171, 
author={C. Hurter and R. Taylor and S. Carpendale and A. Telea}, 
booktitle={Proc. IEEE PacificVis}, 
title={Color Tunneling: Interactive Exploration and Selection in Volumetric Datasets}, 
year={2014}, 
pages={225-232}, 
keywords={astronomy computing;computer animation;data visualisation;image colour analysis;image segmentation;interactive systems;medical image processing;2D image segmentation;3D data;3D medical volume exploration;animation;astrophysical exploration;color tunneling;complex data selections;data filtering;data subset selection;dataset sizes;entangled patterns;interactive data exploration;interactive data manipulation;interactive selection;occlusion reduction;real-time multidimensional data deformation techniques;semantic filtering;spatial-and-data pattern analysis;spatial-and-data pattern elimination;spatial-and-data pattern selection;view configurations;view deformation;visual interaction;volumetric datasets;Animation;Brushes;Histograms;Image color analysis;Mice;Skin;Three-dimensional displays;Interaction techniques}, 
doi={10.1109/PacificVis.2014.61}, 
ISSN={2165-8765}, 
month={March},}

@inproceedings{Li:2012:LVV:2425296.2425325,
 author = {Li, Wei and Paladini, Gianluca and Grady, Leo and Kohlberger, Timo and Singh, Vivek Kumar and Bahlmann, Claus},
 title = {Luggage Visualization and Virtual Unpacking},
 booktitle = {Proc. WASA SIGGRAPH Asia Workshop},
 year = {2012},
 pages = {161--168},
 numpages = {8},
 doi = {10.1145/2425296.2425325},
 publisher = {ACM},
} 

@misc{patent,
author = {W. Li and G. Paladini},
title = {Luggage visualization and virtual unpacking},
note = {WO patent WO2013142072A3, Siemens Corp.},
year = 2013
}


@ARTICLE{4015450, 
author={J. Kruger and J. Schneider and R. Westermann}, 
journal={IEEE Transactions on Visualization and Computer Graphics}, 
title={{ClearView}: An Interactive Context Preserving Hotspot Visualization Technique}, 
year={2006}, 
volume={12}, 
number={5}, 
pages={941-948}, 
keywords={data visualisation;focusing;image resolution;rendering (computer graphics);user interfaces;ClearView;complex volumetric data;context information focus;image information;interactive context preserving hotspot visualization technique;mental exercise;point-and-click interface;texture-based volume ray-casting;visual clutter;Computer graphics;Context;Data visualization;Focusing;Information filtering;Information filters;Navigation;Rendering (computer graphics);Shape;Topology;GPU rendering;TermsÃ‚Â¿Focus & Context;volume raycasting;Algorithms;Computer Graphics;Computer Simulation;Humans;Image Enhancement;Image Interpretation, Computer-Assisted;Imaging, Three-Dimensional;Information Storage and Retrieval;Models, Anatomic;Software;User-Computer Interface}, 
}

@article {CGF:CGF12871,
author = {Tominski, C. and Gladisch, S. and Kister, U. and Dachselt, R. and Schumann, H.},
title = {Interactive Lenses for Visualization: An Extended Survey},
journal = {Computer Graphics Forum},
issn = {1467-8659},
doi = {10.1111/cgf.12871},
pages = {173-200},
volume = 36,
number = 3,
keywords = {Visualization, interaction, magic lenses, H.5.2 [Information Interfaces and Presentation]: User Interfacesâ€“Interaction Styles},
year = {2017},
}

@INPROCEEDINGS{1648236, 
author={C. Tominski and J. Abello and F. van Ham and H. Schumann}, 
booktitle={Proc. Intl. Conf. on Information Visualisation (IV)}, 
title={Fisheye Tree Views and Lenses for Graph Visualization}, 
year={2006}, 
pages={17-24}, 
keywords={data visualisation;graph theory;tree data structures;clustered graphs;composite lenses;fisheye distortion;fisheye tree views;focus+context;graph layouts;graph visualization;hierarchy trees;local graph information;overview+detail;Classification tree analysis;Computer displays;File systems;Lenses;Navigation;Random access memory;Tree graphs;Visualization}, 
doi={10.1109/IV.2006.54}, 
ISSN={1550-6037}, 
}


@article{Kincaid:2010:SFA:1907651.1907963,
 author = {Kincaid, Robert},
 title = {{SignalLens}: Focus+Context Applied  to Electronic Time Series},
 journal = {IEEE Transactions on Visualization and Computer Graphics},
 volume = {16},
 number = {6},
 year = {2010},
 issn = {1077-2626},
 pages = {900--907},
 numpages = {8},
 url = {http://dx.doi.org/10.1109/Transactions on Visualization and Computer Graphics.2010.193},
 doi = {10.1109/Transactions on Visualization and Computer Graphics.2010.193},
 acmid = {1907963},
 publisher = {IEEE Educational Activities Department},
 address = {Piscataway, NJ, USA},
 keywords = {Electronic Signal, Focus+Context, Focus+Context, Lens, Test and Measurement, Electronic Signal, Signal Processing, Lens, Signal Processing, Test and Measurement},
} 


@InCollection{Thiede2008,
author="Thiede, Conrad
and Fuchs, Georg
and Schumann, Heidrun",
title="Smart Lenses",
bookTitle="Proc. Intl. Symp. on Smart Graphics",
year="2008",
publisher="Springer",
pages="178--189",
}

@inproceedings{Pindat:2012:JCA:2380116.2380150,
 author = {Pindat, Cyprien and Pietriga, Emmanuel and Chapuis, Olivier and Puech, Claude},
 title = {{JellyLens}: Content-aware Adaptive Lenses},
 booktitle = {Proc. ACM Symp. on User Interface Software and Technology (UIST)},
 year = {2012},
 pages = {261--270},
 numpages = {10},
 doi = {10.1145/2380116.2380150},
 acmid = {2380150},
} 


@inproceedings{Kister:2015:BEM:2817721.2817726,
 author = {Kister, Ulrike and Reipschl\"{a}ger, Patrick and Matulic, Fabrice and Dachselt, Raimund},
 title = {BodyLenses: Embodied Magic Lenses and Personal Territories for Wall Displays},
 booktitle = {Proceedings of the 2015 International Conference on Interactive Tabletops \& Surfaces},
 series = {ITS '15},
 year = {2015},
 isbn = {978-1-4503-3899-8},
 location = {Madeira, Portugal},
 pages = {117--126},
 numpages = {10},
 url = {http://doi.acm.org/10.1145/2817721.2817726},
 doi = {10.1145/2817721.2817726},
 acmid = {2817726},
 publisher = {ACM},
 address = {New York, NY, USA},
 keywords = {body-centric interaction, co-located collaboration, embodied interaction, magic lenses, proxemic interaction, territoriality},
} 


@article{Tominski:2011:ECU:2336207.2336211,
 author = {Tominski, Christian},
 title = {Event-based Concepts for User-driven Visualization},
 journal = {Information Visualization},
 volume = {10},
 number = {1},
 year = {2011},
 issn = {1473-8716},
 pages = {65--81},
 numpages = {17},
 url = {http://dx.doi.org/10.1057/ivs.2009.32},
 doi = {10.1057/ivs.2009.32},
 acmid = {2336211},
 publisher = {Palgrave Macmillan},
 keywords = {event, user, visualization},
} 


@inproceedings{Alvina:2014:RER:2598153.2598200,
 author = {Alvina, Jessalyn and Appert, Caroline and Chapuis, Olivier and Pietriga, Emmanuel},
 title = {{RouteLens}: Easy Route Following for Map Applications},
 booktitle = {Proc. Intl. Working Conference on Advanced Visual Interfaces (AVI)},
 year = {2014},
 pages = {125--128},
 doi = {10.1145/2598153.2598200},
 publisher = {ACM},
} 

@inproceedings{Spindler:2009:PAM:1731903.1731920,
 author = {Spindler, Martin and Stellmach, Sophie and Dachselt, Raimund},
 title = {PaperLens: Advanced Magic Lens Interaction Above the Tabletop},
 booktitle = {Proceedings of the ACM International Conference on Interactive Tabletops and Surfaces},
 series = {ITS '09},
 year = {2009},
 isbn = {978-1-60558-733-2},
 location = {Banff, Alberta, Canada},
 pages = {69--76},
 numpages = {8},
 url = {http://doi.acm.org/10.1145/1731903.1731920},
 doi = {10.1145/1731903.1731920},
 acmid = {1731920},
 publisher = {ACM},
 address = {New York, NY, USA},
 keywords = {interaction techniques, multi-layer interaction, spatially aware displays, tangible interaction, three-dimensional space},
} 

@article{Gasteiger:2011:FFV:2068462.2068619,
 author = {Gasteiger, Rocco and Neugebauer, Mathias and Beuing, Oliver and Preim, Bernhard},
 title = {The FLOWLENS: A Focus-and-Context Visualization Approach for Exploration of Blood Flow in Cerebral Aneurysms},
 journal = {IEEE Transactions on Visualization and Computer Graphics},
 issue_date = {December 2011},
 volume = {17},
 number = {12},
 month = dec,
 year = {2011},
 issn = {1077-2626},
 pages = {2183--2192},
 numpages = {10},
 url = {http://dx.doi.org/10.1109/Transactions on Visualization and Computer Graphics.2011.243},
 doi = {10.1109/Transactions on Visualization and Computer Graphics.2011.243},
 acmid = {2068619},
 publisher = {IEEE Educational Activities Department},
 address = {Piscataway, NJ, USA},
 keywords = {Flow Visualization, Focus-and-Context, Illustrative Rendering, Aneurysm.},
} 

@INPROCEEDINGS{1532818, 
author={L. Wang and Y. Zhao and K. Mueller and A. Kaufman}, 
booktitle={Proc. IEEE Visualization}, 
title={The magic volume lens: an interactive focus+context technique for volume rendering}, 
year={2005}, 
pages={367-374}, 
keywords={image resolution;image segmentation;lenses;rendering (computer graphics);hardware-assisted volume rendering;interactive focus-context technique;magic volume lens;resolution-important feature;Computer displays;Computer graphics;Focusing;Humans;Image generation;Large screen displays;Lenses;Navigation;Rendering (computer graphics);Retina}, 
doi={10.1109/VISUAL.2005.1532818}, 
}

@article{Correa:2006:FAV:1187627.1187827,
 author = {Correa, Carlos and Silver, Deborah and Chen, Min},
 title = {Feature Aligned Volume Manipulation for Illustration and Visualization},
 journal = {IEEE Transactions on Visualization and Computer Graphics},
 issue_date = {September 2006},
 volume = {12},
 number = {5},
 month = sep,
 year = {2006},
 issn = {1077-2626},
 pages = {1069--1076},
 numpages = {8},
 url = {http://dx.doi.org/10.1109/Transactions on Visualization and Computer Graphics.2006.144},
 doi = {10.1109/Transactions on Visualization and Computer Graphics.2006.144},
 acmid = {1187827},
 publisher = {IEEE Educational Activities Department},
 address = {Piscataway, NJ, USA},
 keywords = {GPU computing, Illustrative manipulation, Illustrative visualization, Illustrative visualization, Illustrative manipulation, GPU computing, volume rendering, volume deformation, computer-assisted medical illustration, computer-assisted medical illustration, volume deformation, volume rendering},
} 

@ARTICLE{4069230, 
author={S. Islam and D. Silver and M. Chen}, 
journal={IEEE Transactions on Visualization and Computer Graphics}, 
title={Volume Splitting and Its Applications}, 
year={2007}, 
volume={13}, 
number={2}, 
pages={193-203}, 
keywords={computer animation;graph theory;image texture;rendering (computer graphics);solid modelling;constructive volume geometry;discrete specifications;explicit splitting;explosion effect;fire effect;implicit splitting;medical illustration;object hypertexture;procedural specifications;spatial specification;spatial transfer function;special effects;temporal specification;volume animation;volume graphics;volume scene graph;volume visualization;volume-based modeling;volume-based rendering;volumetric object splitting;Animation;Biomedical imaging;Data visualization;Explosions;Focusing;Graphics;Layout;Rendering (computer graphics);Silver;Surgery;Volume graphics;constructive volume geometry;explosion effect.;fire effect;medical illustration;spatial transfer function;volume animation;volume splitting;volume visualization;volumetric scene graph;Algorithms;Computer Graphics;Image Enhancement;Image Interpretation, Computer-Assisted;Imaging, Three-Dimensional;Information Storage and Retrieval;Numerical Analysis, Computer-Assisted;Reproducibility of Results;Sensitivity and Specificity;Signal Processing, Computer-Assisted}, 
doi={10.1109/Transactions on Visualization and Computer Graphics.2007.48}, 
ISSN={1077-2626}, 
month={March},}

@INPROCEEDINGS{chengli6787171, 
author={C. Li, X. Tong and H. Shen}, 
booktitle={2017 IEEE Pacific Visualization Symposium}, 
title={Virtual Retractor: An Interactive Data Exploration System Using
Physically Based Deformation}, 
year={2017}, 
month={April},}

@ARTICLE{7819413, 
author={M. Traor\'e and C. Hurter}, 
journal={IEEE Computer Graphics and Applications}, 
title={Interactive Exploration of 3D Scanned Baggage}, 
year={2017}, 
volume={37}, 
number={1}, 
pages={27-33}, 
keywords={airports;data visualisation;image processing;interactive systems;security;3D scanned baggage;GUI design;airport security screenings;baggage inspection;ease of use;interactive image-based visualization system;volumetric data exploration;Image color analysis;Interactive systems;Navigation;Network security;Three-dimensional displays;Transfer functions;Visualization;airport security;computer graphics;computer graphics applications;human-computer interaction;volume visualization;volumetric data}, 
doi={10.1109/MCG.2017.10}, 
ISSN={0272-1716}, 
month={Jan},}



@ARTICLE{7332955, 
author={X. Tong and J. Edwards and C. M. Chen and H. W. Shen and C. R. Johnson and P. C. Wong}, 
journal={IEEE Transactions on Visualization and Computer Graphics}, 
title={View-Dependent Streamline Deformation and Exploration}, 
year={2016}, 
volume={22}, 
number={7}, 
pages={1788-1801}, 
keywords={data visualisation;flow visualisation;interactive systems;tensors;vectors;3D flow visualization;3D vector;customized view-dependent deformation algorithm;direct-touch interactions;interactive visualization tool;lens metaphor;mouse interactions;occluded structures;streamline visualization;tensor field visualization;view-dependent streamline deformation;view-dependent streamline exploration;visual clutter;Context;Deformable models;Lenses;Shape;Streaming media;Three-dimensional displays;Visualization;Flow visualization;deformation;focus+context;occlusion;streamline;white matter tracts}, 
doi={10.1109/Transactions on Visualization and Computer Graphics.2015.2502583}, 
ISSN={1077-2626}, 
month={July},}


@INPROCEEDINGS{1250400, 
author={M. J. McGuffin and L. Tancau and R. Balakrishnan}, 
booktitle={Proc. IEEE Visualization}, 
title={Using deformations for browsing volumetric data}, 
year={2003}, 
pages={401-408}, 
keywords={data visualisation;graphical user interfaces;rendering (computer graphics);solid modelling;3D widgets;image deformation;interaction techniques;pop-up menu;semantic layers;spatial data;volumetric data browsing;Bones;Chromium;Computer graphics;Computer science;Cutting tools;Data visualization;Feedback;Humans;Muscles;Skin}, 
doi={10.1109/VISUAL.2003.1250400}, 
}

@inproceedings{Birkeland:2009:VPV:1980462.1980487,
 author = {Birkeland, {\AA}smund and Viola, Ivan},
 title = {View-dependent Peel-away Visualization for Volumetric Data},
 booktitle = {Proceedings of the 25th Spring Conference on Computer Graphics},
 series = {SCCG '09},
 year = {2009},
 isbn = {978-1-4503-0769-7},
 location = {Budmerice, Slovakia},
 pages = {121--128},
 numpages = {8},
 url = {http://doi.acm.org/10.1145/1980462.1980487},
 doi = {10.1145/1980462.1980487},
 acmid = {1980487},
 publisher = {ACM},
 address = {New York, NY, USA},
 keywords = {illustrative visualization, peel-away, view-dependent techniques},
} 

@inproceedings{Chuah:1995:SSD:215585.215654,
 author = {Chuah, Mei C. and Roth, Steven F. and Mattis, Joe and Kolojejchick, John},
 title = {SDM: Selective Dynamic Manipulation of Visualizations},
 booktitle = {Proceedings of the 8th Annual ACM Symposium on User Interface and Software Technology},
 series = {UIST '95},
 year = {1995},
 isbn = {0-89791-709-X},
 location = {Pittsburgh, Pennsylvania, USA},
 pages = {61--70},
 numpages = {10},
 url = {http://doi.acm.org/10.1145/215585.215654},
 doi = {10.1145/215585.215654},
 acmid = {215654},
 publisher = {ACM},
 address = {New York, NY, USA},
 keywords = {direct manipulation, interactive techniques, visualizations},
} 

@ARTICLE{595268, 
author={M. S. T. Carpendale and D. J. Cowperthwaite and F. D. Fracchia}, 
journal={IEEE Computer Graphics and Applications}, 
title={Extending distortion viewing from {2D} to {3D}}, 
year={1997}, 
volume={17}, 
number={4}, 
pages={42-51}, 
doi={10.1109/38.595268}, 
ISSN={0272-1716}, 
}

@inproceedings{Sonnet:2004:IEA:989863.989871,
 author = {Sonnet, Henry and Carpendale, Sheelagh and Strothotte, Thomas},
title = {Integrating Expanding Annotations with a {3D} Explosion Probe},
 booktitle = {Proceedings of the Working Conference on Advanced Visual Interfaces},
 series = {AVI '04},
 year = {2004},
 isbn = {1-58113-867-9},
 location = {Gallipoli, Italy},
 pages = {63--70},
 numpages = {8},
 url = {http://doi.acm.org/10.1145/989863.989871},
 doi = {10.1145/989863.989871},
 acmid = {989871},
 publisher = {ACM},
 address = {New York, NY, USA},
 keywords = {3D model exploration, expanding annotations, explosion diagram, interaction design},
} 

@ARTICLE{4376157, 
author={C. Correa and D. Silver and M. Chen}, 
journal={IEEE Transactions on Visualization and Computer Graphics}, 
title={Illustrative Deformation for Data Exploration}, 
year={2007}, 
volume={13}, 
number={6}, 
pages={1320-1327}, 
keywords={computational geometry;data visualisation;interactive systems;rendering (computer graphics);data exploration;data manipulation;data object geometry;data rendering quality;focus+context techniques;information visualization;interaction techniques;Cognitive science;Data visualization;Focusing;Geometrical optics;Information geometry;Lenses;Navigation;Silver;Surgery;Taxonomy;Volume deformation;focus+context visualization;interaction techniques}, 
doi={10.1109/Transactions on Visualization and Computer Graphics.2007.70565}, 
ISSN={1077-2626}, 
}

@inproceedings {VG:VG06:009-016,
booktitle = {Volume Graphics},
editor = {Raghu Machiraju and Torsten Moeller},
title = {{Discontinuous Displacement Mapping for Volume Graphics}},
author = {Correa, Carlos D. and Silver, Deborah and Chen, Min},
year = {2006},
publisher = {The Eurographics Association},
ISSN = {1727-8376},
ISBN = {3-905673-41-X},
DOI = {10.2312/VG/VG06/009-016}
}


@article{everts15,
author = {Maarten H. Everts and Eric Begue and Henk Bekker and Jos B. T. M. Roerdink and Tobias Isenberg},
year = 2015,
title = {Exploration of the Brain's White Matter Structure through Visual Abstraction and Multi-Scale Local Fiber Tract Contraction},
journal = {IEEE Transactions on Visualization and Computer Graphics},
volume = 21,
number = 7,
pages = {808-821},
}

@article{ddh,
author = {M. H. Everts and H. Bekker and J. Roerdink and T. Isenberg},
title  = {Depth-Dependent Halos: Illustrative Rendering of Dense Line Data},
journal = {IEEE Transactions on Visualization and Computer Graphics},
volume = 15,
number = 6,
pages = {1299-1306},
year = 2009
}

@inproceedings{Dragicevic:2011:TDA:1978942.1979233,
 author = {Dragicevic, Pierre and Bezerianos, Anastasia and Javed, Waqas and Elmqvist, Niklas and Fekete, Jean-Daniel},
 title = {Temporal Distortion for Animated Transitions},
 booktitle = {Proceedings of the SIGCHI Conference on Human Factors in Computing Systems},
 series = {CHI '11},
 year = {2011},
 isbn = {978-1-4503-0228-9},
 location = {Vancouver, BC, Canada},
 pages = {2009--2018},
 numpages = {10},
 url = {http://doi.acm.org/10.1145/1978942.1979233},
 doi = {10.1145/1978942.1979233},
 acmid = {1979233},
 publisher = {ACM},
 address = {New York, NY, USA},
 keywords = {animated transitions, animation, information visualization},
} 

@inproceedings{griebel2004flow,
  title={Flow field clustering via algebraic multigrid},
  author={Griebel, Michael and Preusser, Tobias and Rumpf, Martin and Schweitzer, Marc Alexander and Telea, Alexandru},
  booktitle={Proc. IEEE Visualization},
  pages={35--42},
  year={2004},
}

